@inproceedings{papalexakis2016automatic,
  title={Automatic unsupervised tensor mining with quality assessment},
  author={Papalexakis, Evangelos E},
  booktitle={Proceedings of the 2016 SIAM International Conference on Data Mining},
  pages={711--719},
  year={2016},
  organization={SIAM}
}

@article{carroll1970analysis,
	title={Analysis of individual differences in multidimensional scaling via an N-way generalization of “Eckart-Young” decomposition},
	author={Carroll, J Douglas and Chang, Jih-Jie},
	journal={Psychometrika},
	volume={35},
	number={3},
	pages={283--319},
	year={1970},
	publisher={Springer}
}

@article{harshman1970foundations,
	title={Foundations of the PARAFAC procedure: Models and conditions for an" explanatory" multimodal factor analysis},
	author={Harshman, Richard A and others},
	year={1970},
	publisher={University of California at Los Angeles Los Angeles, CA}
}


